<record><leader>01437cam a2200409 i 4500</leader><controlfield tag="001">6858979</controlfield><controlfield tag="003">OCoLC</controlfield><controlfield tag="005">20150421141921.0</controlfield><controlfield tag="008">140826t20152015nyu      b    000 0 eng  </controlfield><datafield ind1=" " ind2=" " tag="010"><subfield code="a">  2014031637</subfield></datafield><datafield ind1=" " ind2=" " tag="020"><subfield code="a">9781617700972</subfield></datafield><datafield ind1=" " ind2=" " tag="020"><subfield code="a">1617700975</subfield></datafield><datafield ind1=" " ind2=" " tag="035"><subfield code="a">ocn905378674</subfield></datafield><datafield ind1=" " ind2=" " tag="039"><subfield code="a">exclude</subfield></datafield><datafield ind1=" " ind2=" " tag="040"><subfield code="a">DLC</subfield><subfield code="b">eng</subfield><subfield code="e">rda</subfield><subfield code="c">DLC</subfield><subfield code="d">BTCTA</subfield><subfield code="d">OCLCO</subfield><subfield code="d">YDXCP</subfield><subfield code="d">OCLCF</subfield><subfield code="d">AEU</subfield></datafield><datafield ind1=" " ind2=" " tag="042"><subfield code="a">pcc</subfield></datafield><datafield ind1=" " ind2=" " tag="043"><subfield code="a">n-us---</subfield></datafield><datafield ind1="0" ind2="0" tag="050"><subfield code="a">HV9104</subfield><subfield code="b">.W482 2015</subfield></datafield><datafield ind1="0" ind2="0" tag="082"><subfield code="a">364.360973</subfield><subfield code="2">23</subfield></datafield><datafield ind1=" " ind2=" " tag="090"><subfield code="a">HV9104 .W482 2015</subfield><subfield code="b">AEGMCT</subfield></datafield><datafield ind1=" " ind2=" " tag="090"><subfield code="a">HV9104 .W482 2015</subfield><subfield code="b">AEGMCT</subfield></datafield><datafield ind1="0" ind2="0" tag="245"><subfield code="a">When young people break the law :</subfield><subfield code="b">debating issues on punishment for juveniles /</subfield><subfield code="c">Karsten J. Struhl and Kimora, editors.</subfield></datafield><datafield ind1=" " ind2="1" tag="264"><subfield code="a">New York, NY :</subfield><subfield code="b">International Debate Education Association,</subfield><subfield code="c">[2015]</subfield></datafield><datafield ind1=" " ind2="4" tag="264"><subfield code="c">&#169;2015</subfield></datafield><datafield ind1=" " ind2=" " tag="300"><subfield code="a">312 pages ;</subfield><subfield code="c">24 cm</subfield></datafield><datafield ind1=" " ind2=" " tag="336"><subfield code="a">text</subfield><subfield code="b">txt</subfield><subfield code="2">rdacontent</subfield></datafield><datafield ind1=" " ind2=" " tag="337"><subfield code="a">unmediated</subfield><subfield code="b">n</subfield><subfield code="2">rdamedia</subfield></datafield><datafield ind1=" " ind2=" " tag="338"><subfield code="a">volume</subfield><subfield code="b">nc</subfield><subfield code="2">rdacarrier</subfield></datafield><datafield ind1=" " ind2=" " tag="504"><subfield code="a">Includes bibliographical references.</subfield></datafield><datafield ind1=" " ind2=" " tag="596"><subfield code="a">29</subfield></datafield><datafield ind1=" " ind2="0" tag="650"><subfield code="a">Juvenile justice, Administration of</subfield><subfield code="z">United States.</subfield></datafield><datafield ind1=" " ind2="0" tag="650"><subfield code="a">Juvenile delinquents</subfield><subfield code="z">United States.</subfield></datafield><datafield ind1=" " ind2="0" tag="650"><subfield code="a">Punishment</subfield><subfield code="z">United States.</subfield></datafield><datafield ind1="1" ind2=" " tag="700"><subfield code="a">Struhl, Karsten J.</subfield></datafield><datafield ind1="1" ind2=" " tag="700"><subfield code="a">Kimora,</subfield><subfield code="d">1956-</subfield></datafield><datafield ind1=" " ind2=" " tag="949"><subfield code="a">HV9104 .W482 2015</subfield><subfield code="h">GMCT-OS-B</subfield><subfield code="i">1007558701</subfield><subfield code="p">30.79</subfield><subfield code="k">AVAIL_SOON</subfield></datafield><datafield ind1=" " ind2=" " tag="926"><subfield code="a">HV9104 .W482 2015</subfield><subfield code="w">LC</subfield><subfield code="c">1</subfield><subfield code="i">1007558701</subfield><subfield code="d">5/5/2015</subfield><subfield code="l">ON_SHELF</subfield><subfield code="m">GR_MACEWAN</subfield><subfield code="p">$30.79</subfield><subfield code="r">Y</subfield><subfield code="s">Y</subfield><subfield code="t">BOOK</subfield><subfield code="u">4/27/2015</subfield></datafield></record>